@book{nmpcBible,
  author    = {Lars Grüne, Jürgen Pannek},
  title     = {Nonlinear Model Predicitve Control},
  subtitle  = {Theory and Algorithms},
  year      = {2016},
  publisher = {Springer Cham},
  isbn      = {978-3-319-46024-6},
  edition   = {2}
}

@inbook{RaffAllgoewer,
author = {Raff, T. and Ebenbauer, C. and Findeisen, R. and Allgöwer, F.},
year = {2007},
month = {07},
pages = {325-344},
title = {Nonlinear Model Predictive Control and Sum of Squares Techniques},
volume = {10},
isbn = {978-3-540-36118-3},
journal = {Fast Motions in Biomechanics and Robotics, M. Diehl and K. Mombaur (eds.)},
doi = {10.1007/978-3-540-36119-0_15}
}

@article{CHEN19981205,
title = {A Quasi-Infinite Horizon Nonlinear Model Predictive Control Scheme with Guaranteed Stability},
journal = {Automatica},
volume = {34},
number = {10},
pages = {1205-1217},
year = {1998},
issn = {0005-1098},
doi = {https://doi.org/10.1016/S0005-1098(98)00073-9},
url = {https://www.sciencedirect.com/science/article/pii/S0005109898000739},
author = {H. Chen and F. Allgöwer},
keywords = {Nonlinear model predictive control, stability, terminal inequality constraint, terminal cost, quasi-infinite horizon}
}

@misc{cunis_loureiro2023,
    author = {Cunis, Torbjørn and Loureiro, Renato},
    year = {2023},
    title = {Systems Theoretical Methods for Flight Control},
    institution = {Institute of Flight Mechanics and Control}
}